<?xml version="1.0" encoding="UTF-8"?>
<record xmlns:xs="http://www.w3.org/2001/XMLSchema">
    <controlfield tag="001">11562709X</controlfield>
    <datafield tag="035" ind1=" " ind2=" ">
        <subfield code="a">(OCoLC)298550096</subfield>
    </datafield>
    <datafield tag="035" ind1=" " ind2=" ">
        <subfield code="a">(NEBIS)005683299</subfield>
    </datafield>
    <datafield tag="909" ind1="Z" ind2="2">
        <subfield code="a">zbzmon200811f</subfield>
        <subfield code="c">tobt</subfield>
        <subfield code="d">zbzswk200811b</subfield>
        <subfield code="e">boxm</subfield>
    </datafield>
    <controlfield tag="005">20120702195104.0</controlfield>
    <leader>     cam a22     5u 4500</leader>
    <controlfield tag="008">080528s2008    gw            00    ger|d</controlfield>
    <datafield tag="020" ind1=" " ind2=" ">
        <subfield code="a">978-3-85415-425-9</subfield>
        <subfield code="c">Ebr. : sfr 24.30 (freier Pr.), EUR 13.90, EUR 13.90 (AT)</subfield>
    </datafield>
    <datafield tag="015" ind1=" " ind2=" ">
        <subfield code="a">GFR-DNB-08,N24,2459</subfield>
    </datafield>
    <datafield tag="856" ind1=" " ind2=" ">
        <subfield code="B">NEBIS</subfield>
        <subfield code="n">SzZuIDS NEBIS ZBZ (Osiris-Link)</subfield>
        <subfield code="u">http://opac.nebis.ch/cgi-bin/showAbstract.pl?u20=9783854154259</subfield>
        <subfield code="3">Volltext</subfield>
    </datafield>
    <datafield tag="040" ind1=" " ind2=" ">
        <subfield code="a">DDB</subfield>
        <subfield code="d">SzZuIDS NEBIS ZBZ</subfield>
    </datafield>
    <datafield tag="100" ind1="1" ind2=" ">
        <subfield code="a">Eichberger</subfield>
        <subfield code="D">Günter</subfield>
    </datafield>
    <datafield tag="245" ind1="1" ind2="0">
        <subfield code="a">Alias</subfield>
        <subfield code="c">Günter Eichberger</subfield>
    </datafield>
    <datafield tag="260" ind1=" " ind2=" ">
        <subfield code="a">Klagenfurt</subfield>
        <subfield code="b">Ritter</subfield>
        <subfield code="c">2008</subfield>
    </datafield>
    <datafield tag="300" ind1=" " ind2=" ">
        <subfield code="a">110 S</subfield>
    </datafield>
    <datafield tag="490" ind1="0" ind2=" ">
        <subfield code="a">Ritter Literatur</subfield>
    </datafield>
    <datafield tag="650" ind1=" " ind2="7">
        <subfield code="a">Erzählung</subfield>
        <subfield code="2">ids zbz</subfield>
    </datafield>
    <datafield tag="650" ind1=" " ind2="7">
        <subfield code="a">Deutsch</subfield>
        <subfield code="2">ids zbz</subfield>
    </datafield>
    <datafield tag="655" ind1=" " ind2="7">
        <subfield code="a">Ausgabe</subfield>
        <subfield code="2">ids zbz</subfield>
    </datafield>
    <datafield tag="072" ind1=" " ind2="7">
        <subfield code="a">PrimLit</subfield>
        <subfield code="2">Z01</subfield>
    </datafield>
    <datafield tag="072" ind1=" " ind2="7">
        <subfield code="a">ZB838</subfield>
        <subfield code="2">Z01</subfield>
    </datafield>
    <datafield tag="898" ind1=" " ind2=" ">
        <subfield code="a">BK040000000</subfield>
    </datafield>
    <datafield tag="949" ind1=" " ind2=" ">
        <subfield code="B">NEBIS</subfield>
        <subfield code="b">Z01</subfield>
        <subfield code="j">HM 8197</subfield>
    </datafield>
    <datafield tag="956" ind1="4" ind2=" ">
        <subfield code="B">NEBIS</subfield>
        <subfield code="C">ZAD50</subfield>
        <subfield code="a">Z01</subfield>
        <subfield code="u">http://opac.nebis.ch/objects/pdf/z01_978-3-85415-425-9_01.pdf</subfield>
        <subfield code="y">Titelblatt und Inhaltsverzeichnis</subfield>
        <subfield code="x">VIEW</subfield>
        <subfield code="q">pdf</subfield>
    </datafield>
</record>
